<?xml version="1.0" encoding="UTF-8"?><record xmlns="http://www.loc.gov/MARC21/slim" xmlns:cinclude="http://apache.org/cocoon/include/1.0" xmlns:zs="http://www.loc.gov/zing/srw/">
  <leader>00507cz  a2200133n  4500</leader>
  <controlfield tag="001">n  89207618 </controlfield>
  <controlfield tag="003">DLC</controlfield>
  <controlfield tag="005">20141210083809.0</controlfield>
  <controlfield tag="008">940512n| azannaab           |a aaa      </controlfield>
  <datafield tag="010" ind1=" " ind2=" ">
    <subfield code="a">n  89207618 </subfield>
  </datafield>
  <datafield tag="040" ind1=" " ind2=" ">
    <subfield code="a">DLC</subfield>
    <subfield code="b">eng</subfield>
    <subfield code="e">rda</subfield>
    <subfield code="c">DLC</subfield>
    <subfield code="d">DLC</subfield>
  </datafield>
  <datafield tag="100" ind1="1" ind2=" ">
    <subfield code="a">Hussein, Mounira A.</subfield>
  </datafield>
  <datafield tag="400" ind1="1" ind2="0">
    <subfield code="a">Ḥusayn, Munīrah</subfield>
  </datafield>
  <datafield tag="670" ind1=" " ind2=" ">
    <subfield code="a">Regional urban-rural differentials of the educational impact on fertility in Egypt, 1992:</subfield>
    <subfield code="b">t.p. (Mounira A. Hussein, assistant prof., Coll. of Commerce, Menoufia Univ.) added t.p. (Munīrah Ḥusayn)</subfield>
  </datafield>
</record>